@article{scikit-learn,
 title={Scikit-learn: Machine Learning in {P}ython},
 author={Pedregosa, F. and Varoquaux, G. and Gramfort, A. and Michel, V.
         and Thirion, B. and Grisel, O. and Blondel, M. and Prettenhofer, P.
         and Weiss, R. and Dubourg, V. and Vanderplas, J. and Passos, A. and
         Cournapeau, D. and Brucher, M. and Perrot, M. and Duchesnay, E.},
 journal={Journal of Machine Learning Research},
 volume={12},
 pages={2825--2830},
 year={2011}
}

@misc{quickdraw,
author={Google},
title={The Quick, Draw! Dataset},
url={https://github.com/googlecreativelab/quickdraw-dataset}
}

@article{nunamaker1990systems,
  title={Systems development in information systems research},
  author={Nunamaker Jr, Jay F and Chen, Minder and Purdin, Titus DM},
  journal={Journal of management information systems},
  volume={7},
  number={3},
  pages={89--106},
  year={1990},
  publisher={Taylor \& Francis}
}
